<record><leader>00000cas a2200000 a 4500</leader><controlfield tag="001">10713226</controlfield><controlfield tag="008">840510d18691872vtudn ne      0    0eng c</controlfield><datafield ind1=" " ind2=" " tag="010"><subfield code="a">sn 84023041 </subfield></datafield><datafield ind1=" " ind2=" " tag="040"><subfield code="a">AQM</subfield><subfield code="b">eng</subfield><subfield code="c">AQM</subfield><subfield code="d">NPX</subfield><subfield code="d">NPU</subfield><subfield code="d">NPY</subfield><subfield code="d">DLC</subfield><subfield code="d">MGN</subfield><subfield code="d">CNK</subfield><subfield code="d">NVN</subfield><subfield code="d">DLC</subfield><subfield code="d">OCLCQ</subfield><subfield code="d">OCLCG</subfield><subfield code="d">DLC</subfield><subfield code="d">OCLCQ</subfield><subfield code="d">OCLCF</subfield></datafield><datafield ind1="1" ind2=" " tag="029"><subfield code="a">AU@</subfield><subfield code="b">000022255840</subfield></datafield><datafield ind1=" " ind2=" " tag="042"><subfield code="a">pcc</subfield></datafield><datafield ind1=" " ind2=" " tag="043"><subfield code="a">n-us-vt</subfield></datafield><datafield ind1="0" ind2="0" tag="050"><subfield code="a">Newspaper</subfield></datafield><datafield ind1="0" ind2=" " tag="130"><subfield code="a">Burlington daily free press and times (Burlington, Vt. : 1869)</subfield></datafield><datafield ind1="1" ind2="0" tag="245"><subfield code="a">Burlington daily free press and times.</subfield></datafield><datafield ind1="1" ind2="3" tag="246"><subfield code="a">Burlington free press and times</subfield></datafield><datafield ind1="1" ind2="3" tag="246"><subfield code="a">Free press &amp; times</subfield></datafield><datafield ind1="1" ind2="3" tag="246"><subfield code="a">Free press and times</subfield></datafield><datafield ind1="1" ind2="7" tag="246"><subfield code="a">Daily free press and times</subfield></datafield><datafield ind1=" " ind2=" " tag="260"><subfield code="a">Burlington, Vt. :</subfield><subfield code="b">Free Press Association,</subfield><subfield code="c">1869-1872.</subfield></datafield><datafield ind1=" " ind2=" " tag="300"><subfield code="a">v. :</subfield><subfield code="b">ill. (chiefly advertisements) ;</subfield><subfield code="c">59-61 cm.</subfield></datafield><datafield ind1=" " ind2=" " tag="310"><subfield code="a">Daily (except Sunday)</subfield></datafield><datafield ind1="0" ind2=" " tag="362"><subfield code="a">Vol. 22, no. 2 [i.e. 1] (Jan. 2, 1869)-v. 26, no. 231 (Sept. 27, 1872).</subfield></datafield><datafield ind1=" " ind2=" " tag="500"><subfield code="a">"Daily" appears above masthead ornament.</subfield></datafield><datafield ind1=" " ind2=" " tag="500"><subfield code="a">Morning and evening editions issued.</subfield></datafield><datafield ind1=" " ind2=" " tag="500"><subfield code="a">Republican. Cf. Rowell, 1870.</subfield></datafield><datafield ind1=" " ind2=" " tag="525"><subfield code="a">Has occasional supplements.</subfield></datafield><datafield ind1=" " ind2=" " tag="530"><subfield code="a">Also issued on microfilm from Graphic Microfilm of New England; Micro Photo Div, Bell &amp; Howell Co.</subfield></datafield><datafield ind1=" " ind2=" " tag="555"><subfield code="a">Indexes to subjects, personal names, advertisements and vital statistics, 1869-1870. 2 v.</subfield></datafield><datafield ind1=" " ind2=" " tag="580"><subfield code="a">Weekly ed.: Burlington weekly free press.</subfield></datafield><datafield ind1=" " ind2=" " tag="580"><subfield code="a">Formed by the union of: Burlington daily times (Burlington, Vt. : 1868), and: Burlington daily free press (Burlington, Vt. : 1868).</subfield></datafield><datafield ind1=" " ind2="0" tag="651"><subfield code="a">Burlington (Vt.)</subfield><subfield code="v">Newspapers.</subfield></datafield><datafield ind1=" " ind2="7" tag="655"><subfield code="a">Newspapers.</subfield><subfield code="2">fast</subfield><subfield code="0">(OCoLC)fst01423814</subfield></datafield><datafield ind1=" " ind2="7" tag="651"><subfield code="a">Vermont</subfield><subfield code="z">Burlington.</subfield><subfield code="2">fast</subfield><subfield code="0">(OCoLC)fst01207603</subfield></datafield><datafield ind1="1" ind2=" " tag="700"><subfield code="a">Benedict, G. G.</subfield><subfield code="q">(George Grenville),</subfield><subfield code="d">1826-1907.</subfield></datafield><datafield ind1=" " ind2=" " tag="752"><subfield code="a">United States</subfield><subfield code="b">Vermont</subfield><subfield code="c">Chittenden</subfield><subfield code="d">Burlington.</subfield></datafield><datafield ind1="1" ind2=" " tag="775"><subfield code="t">Burlington weekly free press</subfield><subfield code="w">(DLC)sn 86072143</subfield><subfield code="w">(OCoLC)14907707</subfield></datafield><datafield ind1="1" ind2="4" tag="780"><subfield code="t">Burlington daily times (Burlington, Vt. : 1868)</subfield><subfield code="w">(DLC)sn 86071617</subfield><subfield code="w">(OCoLC)13745317</subfield></datafield><datafield ind1="1" ind2="4" tag="780"><subfield code="t">Burlington daily free press (Burlington, Vt. : 1868)</subfield><subfield code="w">(DLC)sn 95062385</subfield><subfield code="w">(OCoLC)33341929</subfield></datafield><datafield ind1="0" ind2="0" tag="785"><subfield code="t">Burlington free press &amp; times</subfield><subfield code="w">(DLC)sn 95062389</subfield><subfield code="w">(OCoLC)33341940</subfield></datafield></record>